@inproceedings{girshick14CVPR,
    Author = {Girshick, Ross and Donahue, Jeff and Darrell, Trevor and Malik, Jitendra},
    Title = {Rich feature hierarchies for accurate object detection and semantic segmentation},
    Booktitle = {The IEEE Conference on Computer Vision and Pattern Recognition (CVPR)},
    Year = {2014}
}

@inproceedings{girshickICCV15fastrcnn,
	Author = {Ross Girshick},
	Title = {Fast {R-CNN}},
	Booktitle = {International Conference on Computer Vision ({ICCV})},
	Year = {2015}
}

@inproceedings{renNIPS15fasterrcnn,
	Author = {Shaoqing Ren and Kaiming He and Ross Girshick and Jian Sun},
	Title = {Faster {R-CNN}: Towards Real-Time Object Detection
	with Region Proposal Networks},
	Booktitle = {Advances in Neural Information Processing Systems ({NIPS})},
	Year = {2015}
}

@InProceedings{Redmon_2016_CVPR,
	author = {Redmon, Joseph and Divvala, Santosh and Girshick, Ross and Farhadi, Ali},
	title = {You Only Look Once: Unified, Real-Time Object Detection},
	booktitle = {The IEEE Conference on Computer Vision and Pattern Recognition (CVPR)},
	year = {2016}
}

@inproceedings{liu2016ssd,
	title = {{SSD}: Single Shot MultiBox Detector},
	author = {Liu, Wei and Anguelov, Dragomir and Erhan, Dumitru and Szegedy, Christian and Reed, Scott and Fu, Cheng-Yang and Berg, Alexander C.},
	booktitle = {ECCV},
	year = {2016}
}

@inproceedings{imagenet_cvpr09,
	AUTHOR = {Deng, J. and Dong, W. and Socher, R. and Li, L.-J. and Li, K. and Fei-Fei, L.},
	TITLE = {{ImageNet: A Large-Scale Hierarchical Image Database}},
	BOOKTITLE = {The IEEE Conference on Computer Vision and Pattern Recognition (CVPR)},
	YEAR = {2009}
}